% article
% Required fields: author, title, journal, year. 
% Optional fields: volume, number, pages, month, note.
@masterthesis{previouswork,
  author = {Bringhenti Alessandro},
  title  = {A framework for the security analysis of IoT devices},
  year   = {2022}
}

% website
% as misc
% Required fields: none. 
% Optional fields: author, title, howpublished, month, year, note.
@misc{fern,
  title        = {Fern wifi cracker},
  howpublished = {https://github.com/savio-code/fern-wifi-cracker},
  note         = {accessed 15/06/2023}
}

@misc{aircrack,
  title        = {Aircrack-ng},
  howpublished = {https://www.aircrack-ng.org/},
  note         = {accessed 15/06/2023}
}


@misc{reaver,
  title        = {Reaver},
  howpublished = {https://code.google.com/archive/p/reaver-wps/},
  note         = {accessed 15/06/2023}
}

@misc{wifite,
  title        = {Wifite},
  howpublished = {https://github.com/derv82/wifite2},
  note         = {accessed 15/06/2023}
}

@misc{bully,
  title        = {Bully},
  howpublished = {https://github.com/aanarchyy/bully},
  note         = {accessed 15/06/2023}
}
